@ARTICLE{ARTICLE:1,
	AUTHOR="John Doe",
	TITLE="TItle",
	JOURNAL="Journal",
	YEAR="2017"
}