@INBOOK{BOOK:2,
	AUTHOR="John Doe",
	TITLE="The Book WIthout title",
	PUBLISHER="Dummy Publisher",
	YEAR="2020",
	PAGES="100-200"
}