@MISC{WEBSITE:2,
	HOWPUBLISHED="{https://www.dickimaw-books.com/latex/thesis/html/include.html}",
	AUTHOR="DNK",
	TITLE="Latex merge multipart .tex-file",
	MONTH="Dec",
	YEAR="2020",
	NOTE="Accessed on 2012-11-11"
}