@MISC{WEBSITE:1,
	HOWPUBLISHED="{https://www.latex-tutorial.com/tutorials/}",
	AUTHOR="DNK",
	TITLE="Latex-tutorial",
	MONTH="Dec",
	YEAR="2020",
	NOTE="Accessed on 2012-11-11"
}